@online{onsemi,
  author = {{ON Semiconductor}},
  title = {{Understanding Data Eye Diagram Methodology for Analyzing High Speed Digital Signals}},
  year = {2015},
  url = {https://www.onsemi.cn/PowerSolutions/document/AND9075-D.PDF},
  note = {Application Note},
  urldate = {2024-04-28}
}

@article{art1,
  author = {S. HÃ¶st},
  title = {A Short Introduction to Digital Communications},
  url = {https://www.researchgate.net/publication/265490002_A_Short_Introduction_to_Digital_Communications},
}

@online{art2,
  author = {{K. Sankar}},
  title = {{BER for BPSK in ISI channel with Zero Forcing equalization
}},
  year = {2009},
  url = {https://dsplog.com/2009/11/29/ber-bpsk-isi-channel-zero-forcing-equalization/},
  note = {Blog},
  urldate = {2024-04-28}
}

@online{art3,
  author = {{P. Sharma}},
  title = {{Performance Analysis of Zero-Forcing Equalizer for ISI Reduction In Wireless Channels.}},
  year = {2012},
  url = {https://www.ijert.org/research/performance-analysis-of-zero-forcing-equalizer-for-isi-reduction-in-wireless-channels-IJERTV1IS8284.pdf},
  note = {Blog},
  urldate = {2024-04-28}
}